@article{Zhang201476,
title = "Compensation for the damages arising from oil spill incidents: Legislation infrastructure and characteristics of the Chinese regime ",
journal = "Estuarine, Coastal and Shelf Science ",
volume = "140",
number = "0",
pages = "76 - 82",
year = "2014",
note = "",
issn = "0272-7714",
doi = "http://dx.doi.org/10.1016/j.ecss.2013.10.004",
url = "http://www.sciencedirect.com/science/article/pii/S0272771413004435",
author = "Peng Zhang and Ruijun Sun and Linke Ge and Zhen Wang and Hong Chen and Ziwei Yao",
keywords = "oil spill incidents",
keywords = "Chinese compensation regime",
keywords = "environmental losses",
keywords = "compensation scope",
keywords = "theoretical calculation models "
}

@article{Bozeman2011244,
title = "The 2010 \{BP\} Gulf of Mexico oil spill: Implications for theory of organizational disaster ",
journal = "Technology in Society ",
volume = "33",
number = "3–4",
pages = "244 - 252",
year = "2011",
note = "",
issn = "0160-791X",
doi = "http://dx.doi.org/10.1016/j.techsoc.2011.09.006",
url = "http://www.sciencedirect.com/science/article/pii/S0160791X11000443",
author = "Barry Bozeman",
keywords = "Organizational disaster",
keywords = "Technology",
keywords = "Oil spill",
keywords = "Theory of catastrophic events "
}

@article{Chang20081915,
title = "A region-based \{GLRT\} detection of oil spills in \{SAR\} images ",
journal = "Pattern Recognition Letters ",
volume = "29",
number = "14",
pages = "1915 - 1923",
year = "2008",
note = "",
issn = "0167-8655",
doi = "http://dx.doi.org/10.1016/j.patrec.2008.05.022",
url = "http://www.sciencedirect.com/science/article/pii/S016786550800192X",
author = "Lena Chang and Z.S. Tang and S.H. Chang and Yang-Lang Chang",
keywords = "Oil spills",
keywords = "\{SAR\} image",
keywords = "Image segmentation",
keywords = "Generalizes likelihood ratio test (GLRT)",
keywords = "Constant false alarm ratio (CFAR) "
}

@article{Xu201414,
title = "A comparative study of different classification techniques for marine oil spill identification using RADARSAT-1 imagery ",
journal = "Remote Sensing of Environment ",
volume = "141",
number = "0",
pages = "14 - 23",
year = "2014",
note = "",
issn = "0034-4257",
doi = "http://dx.doi.org/10.1016/j.rse.2013.10.012",
url = "http://www.sciencedirect.com/science/article/pii/S0034425713003805",
author = "Linlin Xu and Jonathan Li and Alexander Brenning",
keywords = "Marine oil-spill detection",
keywords = "\{SAR\}",
keywords = "Classifier comparison",
keywords = "Bootstrap-aggregated tree-based methods",
keywords = "Support vector machine",
keywords = "Artificial neural network",
keywords = "Generalized additive model",
keywords = "Penalized linear discriminant analysis "
}
@article{brekke2008classifiers,
  title={Classifiers and confidence estimation for oil spill detection in ENVISAT ASAR images},
  author={Brekke, Camilla and Solberg, Anne HS},
  journal={Geoscience and Remote Sensing Letters, IEEE},
  volume={5},
  number={1},
  pages={65--69},
  year={2008},
  publisher={IEEE}
}
@article{Keramitsoglou2006640,
title = "Automatic identification of oil spills on satellite images ",
journal = "Environmental Modelling and Software ",
volume = "21",
number = "5",
pages = "640 - 652",
year = "2006",
note = "",
issn = "1364-8152",
doi = "http://dx.doi.org/10.1016/j.envsoft.2004.11.010",
url = "http://www.sciencedirect.com/science/article/pii/S1364815204003275",
author = "Iphigenia Keramitsoglou and Constantinos Cartalis and Chris T. Kiranoudis",
keywords = "Oil spills",
keywords = "\{SAR\}",
keywords = "Remote sensing",
keywords = "Sea surface",
keywords = "Marine pollution",
keywords = "Fuzzy logic "
}
@article{Guo2014146,
title = "Oil spill detection using synthetic aperture radar images and feature selection in shape space ",
journal = "International Journal of Applied Earth Observation and Geoinformation ",
volume = "30",
number = "0",
pages = "146 - 157",
year = "2014",
note = "",
issn = "0303-2434",
doi = "http://dx.doi.org/10.1016/j.jag.2014.01.011",
url = "http://www.sciencedirect.com/science/article/pii/S0303243414000130",
author = "Yue Guo and Heng Zhen Zhang",
keywords = "\{SAR\}",
keywords = "Oil-spill",
keywords = "Lookalikes",
keywords = "Feature selection",
keywords = "Shape space "
}

@article{Moavenian20103088,
title = "A qualitative comparison of Artificial Neural Networks and Support Vector Machines in \{ECG\} arrhythmias classification ",
journal = "Expert Systems with Applications ",
volume = "37",
number = "4",
pages = "3088 - 3093",
year = "2010",
note = "",
issn = "0957-4174",
doi = "http://dx.doi.org/10.1016/j.eswa.2009.09.021",
url = "http://www.sciencedirect.com/science/article/pii/S0957417409008021",
author = "Majid Moavenian and Hamid Khorrami",
keywords = "\{ANN\}",
keywords = "\{SVM\}",
keywords = "\{ECG\} "
}

@article{Zanaty2012177,
title = "Support Vector Machines (SVMs) versus Multilayer Perception (MLP) in data classification ",
journal = "Egyptian Informatics Journal ",
volume = "13",
number = "3",
pages = "177 - 183",
year = "2012",
note = "",
issn = "1110-8665",
doi = "http://dx.doi.org/10.1016/j.eij.2012.08.002",
url = "http://www.sciencedirect.com/science/article/pii/S1110866512000345",
author = "E.A. Zanaty",
keywords = "Neural networks",
keywords = "Support vector machine",
keywords = "Kernel functions",
keywords = "Quadratic Programming (QP) "
}

@article{FriasMartinez2006693,
title = "Support vector machines versus multi-layer perceptrons for efficient off-line signature recognition ",
journal = "Engineering Applications of Artificial Intelligence ",
volume = "19",
number = "6",
pages = "693 - 704",
year = "2006",
note = "Special Section on Innovative Production Machines and Systems (I*PROMS) ",
issn = "0952-1976",
doi = "http://dx.doi.org/10.1016/j.engappai.2005.12.006",
url = "http://www.sciencedirect.com/science/article/pii/S0952197606000352",
author = "E. Frias-Martinez and A. Sanchez and J. Velez",
keywords = "Multi-layer perceptrons",
keywords = "Support vector machines",
keywords = "Off-line signature recognition "
}
@article{Mohandes2004939,
title = "Support vector machines for wind speed prediction ",
journal = "Renewable Energy ",
volume = "29",
number = "6",
pages = "939 - 947",
year = "2004",
note = "",
issn = "0960-1481",
doi = "http://dx.doi.org/10.1016/j.renene.2003.11.009",
url = "http://www.sciencedirect.com/science/article/pii/S0960148103003860",
author = "M.A. Mohandes and T.O. Halawani and S. Rehman and Ahmed A. Hussain",
keywords = "Wind speed prediction",
keywords = "Neural networks",
keywords = "Multilayer perceptron",
keywords = "Support vector machines "
}

@article{arun2010hybrid,
  title={A hybrid SVM based decision tree},
  author={Arun Kumar, M and Gopal, Madan},
  journal={Pattern Recognition},
  volume={43},
  number={12},
  pages={3977--3987},
  year={2010},
  publisher={Elsevier}
}

@article{Mera201472,
title = "Automatic decision support system based on SAR data for oil spill detection",
journal = "Computers \& Geosciences",
volume = "72",
pages = "184 - 191",
year = "2014",
note = "",
url = "http://www.sciencedirect.com/science/article/pii/S0098300414001812",
author = "D. Mera and J.M. Cotos and J. Vaerla-Pet and J. Rodriguez and A. Caro"
}

@article{Topouzelis200930,
title = "Investigation of genetic algorithms contribution to feature selection for oil spill detection",
journal = "International Journal of Remote Sensing",
volume = "30",
number = "3",
pages = "611 - 625",
year = "2009",
note = "",
author = "K. Topouzelis and D. Stathakis and V. Karathanassi"
}

@article{Brekke200595,
title = "Oil spill detection by satellite remote sensing",
journal = "Remote Sensing of Environment",
volume = "95",
pages = "1 - 13",
year = "2005",
note = "",
author = "C. Brekke and A.H.S. Solberg"
}

@article{griffiths2003synthetic,
title={Synthetic aperture imaging with sonar and radar: A comparison},
author={Griffiths, HD},
journal={Proc. 5th World Congr. Ultrason},
pages={511--518},
year={2003}
}

@article{Robotham2011170,
title = "A comparison of multi-class support vector machine and classification tree methods for hydroacoustic classification of fish-schools in Chile ",
journal = "Fisheries Research ",
volume = "111",
number = "3",
pages = "170 - 176",
year = "2011",
note = "",
issn = "0165-7836",
doi = "http://dx.doi.org/10.1016/j.fishres.2011.07.010",
url = "http://www.sciencedirect.com/science/article/pii/S0165783611002694",
author = "H. Robotham and J. Castillo and P. Bosch and J. Perez-Kallens",
keywords = "Classification tree",
keywords = "Support vector machines",
keywords = "Species identification",
keywords = "Hydroacoustics",
keywords = "Fish "
}

@article{fingas2014review,
title={Review of oil spill remote sensing},
author={Fingas, Merv and Brown, Carl},
journal={Marine pollution bulletin},
year={2014},
publisher={Elsevier}
}

@article{Doerry:04, 
author = {Armin W. Doerry and Fred M. Dickey}, 
journal = {Opt. Photon. News}, 
keywords = {General; Remote sensing and sensors},
number = {11}, 
pages = {28--33}, 
publisher = {OSA},
title = {Synthetic Aperture Radar}, 
volume = {15}, 
month = {Nov},
year = {2004},
url = {http://www.osa-opn.org/abstract.cfm?URI=opn-15-11-28},
doi = {10.1364/OPN.15.11.000028}
}
@article{simard1998analysis,
  title={Analysis of speckle noise contribution on wavelet decomposition of SAR images},
  author={Simard, Marc and DeGrandi, Gianfranco and Thomson, Keith PB and Benie, Goze B},
  journal={Geoscience and Remote Sensing, IEEE Transactions on},
  volume={36},
  number={6},
  pages={1953--1962},
  year={1998},
  publisher={IEEE}
}
@article{michie1994machine,
  title={Machine learning, neural and statistical classification},
  author={Michie, Donald and Spiegelhalter, David J and Taylor, Charles C},
  year={1994},
  publisher={Citeseer}
}
@article{Murtagh1991183,
title = "Multilayer perceptrons for classification and regression ",
journal = "Neurocomputing ",
volume = "2",
number = "5–6",
pages = "183 - 197",
year = "1991",
note = "",
issn = "0925-2312",
doi = "http://dx.doi.org/10.1016/0925-2312(91)90023-5",
url = "http://www.sciencedirect.com/science/article/pii/0925231291900235",
author = "Fionn Murtagh",
keywords = "Multilayer perceptron",
keywords = "discriminant analysis",
keywords = "supervised classification",
keywords = "regression",
keywords = "function approximation "
}
@article{rosenblatt1958perceptron,
  title={The perceptron: a probabilistic model for information storage and organization in the brain.},
  author={Rosenblatt, Frank},
  journal={Psychological review},
  volume={65},
  number={6},
  pages={386},
  year={1958},
  publisher={American Psychological Association}
}
<<<<<<< HEAD

@book{cord2008machine,
  title={Machine Learning Techniques for Multimedia: Case Studies on Organization and Retrieval},
  author={Cord, M. and Cunningham, P.},
  isbn={9783540751717},
  series={Cognitive Technologies},
  url={http://books.google.nl/books?id=uSvYmki2yg0C},
  year={2008},
  publisher={Springer}
}

@book{maglogiannis2007emerging,
  title={Emerging Artificial Intelligence Applications in Computer Engineering: Real Word AI Systems with Applications in EHealth, HCI, Information Retrieval and Pervasive Technologies},
  author={Maglogiannis, I.G.},
  isbn={9781586037802},
  lccn={2007933091},
  series={Frontiers in artificial intelligence and applications},
  url={http://books.google.nl/books?id=vLiTXDHr\_sYC},
  year={2007},
  publisher={IOS Press}
}
@article{Kubat:1998:MLD:288808.288812,
 author = {Kubat, Miroslav and Holte, Robert C. and Matwin, Stan},
 title = {Machine Learning for the Detection of Oil Spills in Satellite Radar Images},
 journal = {Mach. Learn.},
 issue_date = {Feb./ March, 1998},
 volume = {30},
 number = {2-3},
 month = feb,
 year = {1998},
 issn = {0885-6125},
 pages = {195--215},
 numpages = {21},
 url = {http://dx.doi.org/10.1023/A:1007452223027},
 doi = {10.1023/A:1007452223027},
 acmid = {288812},
 publisher = {Kluwer Academic Publishers},
 address = {Hingham, MA, USA},
 keywords = {Inductive learning, classification, methodology, radar images},
} 

@misc{ wiki:SVM,
   author = "Wikipedia",
   title = "Support vector machine --- Wikipedia{,} The Free Encyclopedia",
   year = "2014",
   url = "\url{http://en.wikipedia.org/w/index.php?title=Support_vector_machine&oldid=628692673}",
   note = "[Online; accessed 9-October-2014]"
 }
 @book{cristianini2000,
  title={An introduction to support vector machines and other kernel-based learning methods},
  author={Cristianini, Nello and Shawe-Taylor, John},
  year={2000},
  publisher={Cambridge university press}
}

@article{opencv_library,
    author = {Bradski, G.},
    citeulike-article-id = {2236121},
    journal = {Dr. Dobb's Journal of Software Tools},
    keywords = {bibtex-import},
    posted-at = {2008-01-15 19:21:54},
    priority = {4},
    title = ,
    year = {2000}
}

@article{furey2000support,
  title={Support vector machine classification and validation of cancer tissue samples using microarray expression data},
  author={Furey, Terrence S and Cristianini, Nello and Duffy, Nigel and Bednarski, David W and Schummer, Michel and Haussler, David},
  journal={Bioinformatics},
  volume={16},
  number={10},
  pages={906--914},
  year={2000},
  publisher={Oxford Univ Press}
}

@inproceedings{osuna1997training,
  title={Training support vector machines: an application to face detection},
  author={Osuna, Edgar and Freund, Robert and Girosi, Federico},
  booktitle={Computer Vision and Pattern Recognition, 1997. Proceedings., 1997 IEEE Computer Society Conference on},
  pages={130--136},
  year={1997},
  organization={IEEE}
}

@article{guyon2002gene,
  title={Gene selection for cancer classification using support vector machines},
  author={Guyon, Isabelle and Weston, Jason and Barnhill, Stephen and Vapnik, Vladimir},
  journal={Machine learning},
  volume={46},
  number={1-3},
  pages={389--422},
  year={2002},
  publisher={Springer}
}

@book{joachims1998text,
  title={Text categorization with support vector machines: Learning with many relevant features},
  author={Joachims, Thorsten},
  year={1998},
  publisher={Springer}
}

@book{shawe2004kernel,
  title={Kernel methods for pattern analysis},
  author={Shawe-Taylor, John and Cristianini, Nello},
  year={2004},
  publisher={Cambridge university press}
}
@incollection{ben2010user,
  title={A user’s guide to support vector machines},
  author={Ben-Hur, Asa and Weston, Jason},
  booktitle={Data mining techniques for the life sciences},
  pages={223--239},
  year={2010},
  publisher={Springer}
  }

@article{safavian1991survey,
  title={A survey of decision tree classifier methodology},
  author={Safavian, S Rasoul and Landgrebe, David},
  journal={IEEE transactions on systems, man, and cybernetics},
  volume={21},
  number={3},
  pages={660--674},
  year={1991}
}
@article{wikiPerceptronPNG,
title = {http://nl.wikipedia.org/wiki/Perceptron}
}
@misc{kotsiantis2007supervised,
  title={Supervised machine learning: A review of classification techniques},
  author={Kotsiantis, Sotiris B and Zaharakis, ID and Pintelas, PE},
  year={2007}
}