@article{Zhang201476,
title = "Compensation for the damages arising from oil spill incidents: Legislation infrastructure and characteristics of the Chinese regime ",
journal = "Estuarine, Coastal and Shelf Science ",
volume = "140",
number = "0",
pages = "76 - 82",
year = "2014",
note = "",
issn = "0272-7714",
doi = "http://dx.doi.org/10.1016/j.ecss.2013.10.004",
url = "http://www.sciencedirect.com/science/article/pii/S0272771413004435",
author = "Peng Zhang and Ruijun Sun and Linke Ge and Zhen Wang and Hong Chen and Ziwei Yao",
keywords = "oil spill incidents",
keywords = "Chinese compensation regime",
keywords = "environmental losses",
keywords = "compensation scope",
keywords = "theoretical calculation models "
}

@article{Bozeman2011244,
title = "The 2010 \{BP\} Gulf of Mexico oil spill: Implications for theory of organizational disaster ",
journal = "Technology in Society ",
volume = "33",
number = "3â€“4",
pages = "244 - 252",
year = "2011",
note = "",
issn = "0160-791X",
doi = "http://dx.doi.org/10.1016/j.techsoc.2011.09.006",
url = "http://www.sciencedirect.com/science/article/pii/S0160791X11000443",
author = "Barry Bozeman",
keywords = "Organizational disaster",
keywords = "Technology",
keywords = "Oil spill",
keywords = "Theory of catastrophic events "
}

@article{Chang20081915,
title = "A region-based \{GLRT\} detection of oil spills in \{SAR\} images ",
journal = "Pattern Recognition Letters ",
volume = "29",
number = "14",
pages = "1915 - 1923",
year = "2008",
note = "",
issn = "0167-8655",
doi = "http://dx.doi.org/10.1016/j.patrec.2008.05.022",
url = "http://www.sciencedirect.com/science/article/pii/S016786550800192X",
author = "Lena Chang and Z.S. Tang and S.H. Chang and Yang-Lang Chang",
keywords = "Oil spills",
keywords = "\{SAR\} image",
keywords = "Image segmentation",
keywords = "Generalizes likelihood ratio test (GLRT)",
keywords = "Constant false alarm ratio (CFAR) "
}

@article{Xu201414,
title = "A comparative study of different classification techniques for marine oil spill identification using RADARSAT-1 imagery ",
journal = "Remote Sensing of Environment ",
volume = "141",
number = "0",
pages = "14 - 23",
year = "2014",
note = "",
issn = "0034-4257",
doi = "http://dx.doi.org/10.1016/j.rse.2013.10.012",
url = "http://www.sciencedirect.com/science/article/pii/S0034425713003805",
author = "Linlin Xu and Jonathan Li and Alexander Brenning",
keywords = "Marine oil-spill detection",
keywords = "\{SAR\}",
keywords = "Classifier comparison",
keywords = "Bootstrap-aggregated tree-based methods",
keywords = "Support vector machine",
keywords = "Artificial neural network",
keywords = "Generalized additive model",
keywords = "Penalized linear discriminant analysis "
}
@article{brekke2008classifiers,
  title={Classifiers and confidence estimation for oil spill detection in ENVISAT ASAR images},
  author={Brekke, Camilla and Solberg, Anne HS},
  journal={Geoscience and Remote Sensing Letters, IEEE},
  volume={5},
  number={1},
  pages={65--69},
  year={2008},
  publisher={IEEE}
}
@article{Keramitsoglou2006640,
title = "Automatic identification of oil spills on satellite images ",
journal = "Environmental Modelling and Software ",
volume = "21",
number = "5",
pages = "640 - 652",
year = "2006",
note = "",
issn = "1364-8152",
doi = "http://dx.doi.org/10.1016/j.envsoft.2004.11.010",
url = "http://www.sciencedirect.com/science/article/pii/S1364815204003275",
author = "Iphigenia Keramitsoglou and Constantinos Cartalis and Chris T. Kiranoudis",
keywords = "Oil spills",
keywords = "\{SAR\}",
keywords = "Remote sensing",
keywords = "Sea surface",
keywords = "Marine pollution",
keywords = "Fuzzy logic "
}
@article{Guo2014146,
title = "Oil spill detection using synthetic aperture radar images and feature selection in shape space ",
journal = "International Journal of Applied Earth Observation and Geoinformation ",
volume = "30",
number = "0",
pages = "146 - 157",
year = "2014",
note = "",
issn = "0303-2434",
doi = "http://dx.doi.org/10.1016/j.jag.2014.01.011",
url = "http://www.sciencedirect.com/science/article/pii/S0303243414000130",
author = "Yue Guo and Heng Zhen Zhang",
keywords = "\{SAR\}",
keywords = "Oil-spill",
keywords = "Lookalikes",
keywords = "Feature selection",
keywords = "Shape space "
}

@article{Moavenian20103088,
title = "A qualitative comparison of Artificial Neural Networks and Support Vector Machines in \{ECG\} arrhythmias classification ",
journal = "Expert Systems with Applications ",
volume = "37",
number = "4",
pages = "3088 - 3093",
year = "2010",
note = "",
issn = "0957-4174",
doi = "http://dx.doi.org/10.1016/j.eswa.2009.09.021",
url = "http://www.sciencedirect.com/science/article/pii/S0957417409008021",
author = "Majid Moavenian and Hamid Khorrami",
keywords = "\{ANN\}",
keywords = "\{SVM\}",
keywords = "\{ECG\} "
}

@article{Zanaty2012177,
title = "Support Vector Machines (SVMs) versus Multilayer Perception (MLP) in data classification ",
journal = "Egyptian Informatics Journal ",
volume = "13",
number = "3",
pages = "177 - 183",
year = "2012",
note = "",
issn = "1110-8665",
doi = "http://dx.doi.org/10.1016/j.eij.2012.08.002",
url = "http://www.sciencedirect.com/science/article/pii/S1110866512000345",
author = "E.A. Zanaty",
keywords = "Neural networks",
keywords = "Support vector machine",
keywords = "Kernel functions",
keywords = "Quadratic Programming (QP) "
}

@article{FriasMartinez2006693,
title = "Support vector machines versus multi-layer perceptrons for efficient off-line signature recognition ",
journal = "Engineering Applications of Artificial Intelligence ",
volume = "19",
number = "6",
pages = "693 - 704",
year = "2006",
note = "Special Section on Innovative Production Machines and Systems (I*PROMS) ",
issn = "0952-1976",
doi = "http://dx.doi.org/10.1016/j.engappai.2005.12.006",
url = "http://www.sciencedirect.com/science/article/pii/S0952197606000352",
author = "E. Frias-Martinez and A. Sanchez and J. Velez",
keywords = "Multi-layer perceptrons",
keywords = "Support vector machines",
keywords = "Off-line signature recognition "
}
@article{Mohandes2004939,
title = "Support vector machines for wind speed prediction ",
journal = "Renewable Energy ",
volume = "29",
number = "6",
pages = "939 - 947",
year = "2004",
note = "",
issn = "0960-1481",
doi = "http://dx.doi.org/10.1016/j.renene.2003.11.009",
url = "http://www.sciencedirect.com/science/article/pii/S0960148103003860",
author = "M.A. Mohandes and T.O. Halawani and S. Rehman and Ahmed A. Hussain",
keywords = "Wind speed prediction",
keywords = "Neural networks",
keywords = "Multilayer perceptron",
keywords = "Support vector machines "
}

@article{arun2010hybrid,
  title={A hybrid SVM based decision tree},
  author={Arun Kumar, M and Gopal, Madan},
  journal={Pattern Recognition},
  volume={43},
  number={12},
  pages={3977--3987},
  year={2010},
  publisher={Elsevier}
}

@article{Mera201472,
title = "Automatic decision support system based on SAR data for oil spill detection",
journal = "Computers & Geosciences",
volume = "72",
pages = "184 - 191",
year = "2014",
note = "",
url = "http://www.sciencedirect.com/science/article/pii/S0098300414001812",
author = "D. Mera and J.M. Cotos and J. Vaerla-Pet and J. Rodriguez and A. Caro"
}

@article{Topouzelis200930,
title = "Investigation of genetic algorithms contribution to feature selection for oil spill detection",
journal = "International Journal of Remote Sensing",
volume = "30",
number = "3",
pages = "611 - 625",
year = "2009",
note = "",
author = "K. Topouzelis and D. Stathakis and V. Karathanassi"
}

@article{Brekke200595,
title = "Oil spill detection by satellite remote sensing",
journal = "Remote Sensing of Environment",
volume = "95",
pages = "1 - 13",
year = "2005",
note = "",
author = "C. Brekke and A.H.S. Solberg"
}







